@book{mas1995microeconomic,
  title={Microeconomic theory},
  author={Mas-Colell, Andreu and Whinston, Michael Dennis and others},
  year={1995},
  publisher={New York: Oxford university press},
  volume={1}
}

@book{mailath2018modeling,
  title={Modeling Strategic Behavior: A Graduate Introduction to Game Theory and Mechanism Design},
  author={Mailath, George J},
  volume={6},
  year={2018},
  publisher={World Scientific}
}

@book {tirole1991game,
	title = {Game Theory},
	year = {1991},
	publisher = {MIT Press},
	author = {Drew Fudenberg and Jean Tirole}
}

@book{myerson1991game,
 ISBN = {9780674341166},
 URL = {http://www.jstor.org/stable/j.ctvjsf522},
 author = {Roger B. Myerson},
 publisher = {Harvard University Press},
 title = {Game Theory: Analysis of Conflict},
 year = {1991}
}

@Book{bolton2005contract,
  author={Patrick Bolton and Mathias Dewatripont},
  title={{Contract Theory}},
  publisher={The MIT Press},
  year={2005},
  volume={1},
  url={https://ideas.repec.org/b/mtp/titles/0262025760.html}
}

@Book{Mailath2006repeated,
  author={Mailath, George J. and Samuelson, Larry},
  title={{Repeated Games and Reputations: Long-Run Relationships}},
  publisher={Oxford University Press},
  year={2006},
  url={https://ideas.repec.org/b/oxp/obooks/9780195300796.html}
}

@Book{martin1994acourse,
  author={Martin J. Osborne and Ariel Rubinstein},
  title={{A Course in Game Theory}},
  publisher={The MIT Press},
  year={1994},
  url={https://ideas.repec.org/b/mtp/titles/0262650401.html}
}

@book{ariel2012lecture,
 author = {Ariel Rubinstein},
 edition = {REV - Revised, 2},
 publisher = {Princeton University Press},
 title = {Lecture Notes in Microeconomic Theory: The Economic Agent - Second Edition},
 year = {2012}
}

@book{kreps1990acourse,
 author = {David M. Kreps},
 publisher = {Princeton University Press},
 title = {A Course in Microeconomic Theory},
 year = {1990}
}

@book{kreps2013microeconomic,
  title={Microeconomic foundations I: choice and competitive markets},
  author={Kreps, David M},
  volume={1},
  year={2013},
  publisher={Princeton university press}
}

@book{deaton1980economics,
  title={Economics and consumer behavior},
  author={Deaton, Angus and Muellbauer, John},
  year={1980},
  publisher={Cambridge university press}
}

@book{luenberger1997optimization,
  title={Optimization by vector space methods},
  author={Luenberger, David G},
  year={1997},
  publisher={John Wiley \& Sons}
}

% articles
@article{kai1979prospect,
  title={Prospect theory: An analysis of decision under risk},
  author={Kahneman, Daniel and Tversky, Amos},
  journal={Econometrica},
  volume={47},
  number={2},
  pages={363--391},
  year={1979}
}

@article{kihlstrom1976demand,
  title={The demand theory of the weak axiom of revealed preference},
  author={Kihlstrom, Richard and Mas-Colell, Andreu and Sonnenschein, Hugo},
  journal={Econometrica: Journal of the Econometric Society},
  pages={971--978},
  year={1976},
  publisher={JSTOR}
}

@book{sternberg1999lectures,
  title={Lectures on differential geometry},
  author={Sternberg, Shlomo},
  volume={316},
  year={1999},
  publisher={American Mathematical Soc.}
}

@book{mccleary2013geometry,
  title={Geometry from a differentiable viewpoint},
  author={McCleary, John},
  year={2013},
  publisher={Cambridge University Press}
}

@book{warner1983foundations,
  title={Foundations of differentiable manifolds and Lie groups},
  author={Warner, Frank W},
  volume={94},
  year={1983},
  publisher={Springer Science \& Business Media}
}

@article{epstein1982integrability,
  title={Integrability of incomplete systems of demand functions},
  author={Epstein, Larry G},
  journal={The Review of Economic Studies},
  volume={49},
  number={3},
  pages={411--425},
  year={1982},
  publisher={Wiley-Blackwell}
}